@misc{sadasivan2023aigenerated,
	title        = {Can AI-Generated Text be Reliably Detected?},
	author       = {Vinu Sankar Sadasivan and Aounon Kumar and Sriram Balasubramanian and Wenxiao Wang and Soheil Feizi},
	year         = 2023,
	eprint       = {2303.11156},
	archiveprefix = {arXiv},
	primaryclass = {cs.CL}
}
@misc{kirchenbauer2023watermark,
	title        = {A Watermark for Large Language Models},
	author       = {John Kirchenbauer and Jonas Geiping and Yuxin Wen and Jonathan Katz and Ian Miers and Tom Goldstein},
	year         = 2023,
	eprint       = {2301.10226},
	archiveprefix = {arXiv},
	primaryclass = {cs.LG}
}
@misc{krishna2023paraphrasing,
	title        = {Paraphrasing evades detectors of AI-generated text, but retrieval is an effective defense},
	author       = {Kalpesh Krishna and Yixiao Song and Marzena Karpinska and John Wieting and Mohit Iyyer},
	year         = 2023,
	eprint       = {2303.13408},
	archiveprefix = {arXiv},
	primaryclass = {cs.CL}
}
@misc{sato2023embarrassingly,
	title        = {Embarrassingly Simple Text Watermarks},
	author       = {Ryoma Sato and Yuki Takezawa and Han Bao and Kenta Niwa and Makoto Yamada},
	year         = 2023,
	eprint       = {2310.08920},
	archiveprefix = {arXiv},
	primaryclass = {cs.LG}
}
@misc{wieting2023paraphrastic,
	title        = {Paraphrastic Representations at Scale},
	author       = {John Wieting and Kevin Gimpel and Graham Neubig and Taylor Berg-Kirkpatrick},
	year         = 2023,
	eprint       = {2104.15114},
	archiveprefix = {arXiv},
	primaryclass = {cs.CL}
}
@inproceedings{wieting19simple,
	title        = {Simple and Effective Paraphrastic Similarity from Parallel Translations},
	author       = {Wieting, John and Gimpel, Kevin and Neubig, Graham and Berg-Kirkpatrick, Taylor},
	year         = 2019,
	booktitle    = {Proceedings of the Association for Computational Linguistics},
	url          = {https://arxiv.org/abs/1909.13872}
}
@article{west23,
	title        = {Educators Battle Plagiarism As 89\% Of Students Admit To Using OpenAI’s ChatGPT For Homework},
	author       = {Westfall, Chris},
	year         = 2023,
	month        = {28 Jan},
	journal      = {Forbes}
}
@book{xiang2017digital,
	title        = {Digital Audio Watermarking: Fundamentals, Techniques and Challenges},
	author       = {Xiang, Y. and Hua, G. and Yan, B.},
	year         = 2017,
	publisher    = {Springer Nature Singapore},
	series       = {SpringerBriefs in Electrical and Computer Engineering},
	isbn         = 9789811042898,
	url          = {https://books.google.co.uk/books?id=noxkDgAAQBAJ}
}
@article{wired2023altman,
	title        = {OpenAI’s CEO Says the Age of Giant AI Models Is Already Over},
	author       = {Knight, Will},
	year         = 2023,
	month        = {April},
	journal      = {Wired},
	url          = {https://www.wired.com/story/openai-ceo-sam-altman-the-age-of-giant-ai-models-is-already-over},
	urldate      = {06-02-2024}
}
@misc{llm-detect-ai-generated-text,
	title        = {LLM - Detect AI Generated Text},
	author       = {Jules King and Perpetual Baffour and Scott Crossley and Ryan Holbrook and Maggie Demkin},
	year         = 2023,
	publisher    = {Kaggle},
	url          = {https://kaggle.com/competitions/llm-detect-ai-generated-text}
}
@misc{Paullier2023-rx,
	title        = {DAIGT | External Dataset, Version 1},
	author       = {Paullier, A},
	year         = 2023,
	url          = {https://www.kaggle.com/datasets/alejopaullier/daigt-external-dataset/data},
	note         = {Retrieved 23rd December 2023}
}
@misc{feedback-prize-english-language-learning,
	title        = {Feedback Prize - English Language Learning},
	author       = {Alex Franklin and Maggie and Meg Benner and Natalie Rambis and Perpetual Baffour and Ryan Holbrook and Scott Crossley and ulrichboser},
	year         = 2022,
	publisher    = {Kaggle},
	url          = {https://kaggle.com/competitions/feedback-prize-english-language-learning}
}
@inproceedings{Signal1M2016,
	title        = {What do a Million News Articles Look like?},
	author       = {David Corney and Dyaa Albakour and Miguel Martinez and Samir Moussa},
	year         = 2016,
	booktitle    = {Proceedings of the First International Workshop on Recent Trends in News Information Retrieval co-located with 38th European Conference on Information Retrieval {(ECIR} 2016), Padua, Italy, March 20, 2016.},
	pages        = {42--47},
	url          = {http://ceur-ws.org/Vol-1568/paper8.pdf}
}
@misc{Par3_2022,
	title        = {{Par3}},
	author       = {Marzena Karpinska and Katherine Thai and Kalpesh Krishna and John Wieting and Moira Inghilleri and Mohit Iyyer},
	year         = 2022,
	month        = 5,
	url          = {https://github.com/ngram-lab/par3}
}
@misc{tay2022scale,
	title        = {Scale Efficiently: Insights from Pre-training and Fine-tuning Transformers},
	author       = {Yi Tay and Mostafa Dehghani and Jinfeng Rao and William Fedus and Samira Abnar and Hyung Won Chung and Sharan Narang and Dani Yogatama and Ashish Vaswani and Donald Metzler},
	year         = 2022,
	eprint       = {2109.10686},
	archiveprefix = {arXiv},
	primaryclass = {cs.CL}
}
@article{Rayner2011-pk,
	title        = {Eye movements and word skipping during reading: effects of word length and predictability},
	author       = {Rayner, Keith and Slattery, Timothy J and Drieghe, Denis and Liversedge, Simon P},
	year         = 2011,
	month        = apr,
	journal      = {J. Exp. Psychol. Hum. Percept. Perform.},
	publisher    = {American Psychological Association (APA)},
	volume       = 37,
	number       = 2,
	pages        = {514--528},
	language     = {en}
}
@misc{jiang2023mistral,
	title        = {Mistral 7B},
	author       = {Albert Q. Jiang and Alexandre Sablayrolles and Arthur Mensch and Chris Bamford and Devendra Singh Chaplot and Diego de las Casas and Florian Bressand and Gianna Lengyel and Guillaume Lample and Lucile Saulnier and Lélio Renard Lavaud and Marie-Anne Lachaux and Pierre Stock and Teven Le Scao and Thibaut Lavril and Thomas Wang and Timothée Lacroix and William El Sayed},
	year         = 2023,
	eprint       = {2310.06825},
	archiveprefix = {arXiv},
	primaryclass = {cs.CL}
}
@article{Gage1994ANA,
	title        = {A new algorithm for data compression},
	author       = {Philip Gage},
	year         = 1994,
	journal      = {The C Users Journal archive},
	volume       = 12,
	pages        = {23--38},
	url          = {https://api.semanticscholar.org/CorpusID:59804030}
}
@misc{sennrich2016neural,
	title        = {Neural Machine Translation of Rare Words with Subword Units},
	author       = {Rico Sennrich and Barry Haddow and Alexandra Birch},
	year         = 2016,
	eprint       = {1508.07909},
	archiveprefix = {arXiv},
	primaryclass = {cs.CL}
}
@misc{vaswani2023attention,
	title        = {Attention Is All You Need},
	author       = {Ashish Vaswani and Noam Shazeer and Niki Parmar and Jakob Uszkoreit and Llion Jones and Aidan N. Gomez and Lukasz Kaiser and Illia Polosukhin},
	year         = 2023,
	eprint       = {1706.03762},
	archiveprefix = {arXiv},
	primaryclass = {cs.CL}
}
@misc{gpt3brown2020language,
	title        = {Language Models are Few-Shot Learners},
	author       = {Tom B. Brown and Benjamin Mann and Nick Ryder and Melanie Subbiah and Jared Kaplan and Prafulla Dhariwal and Arvind Neelakantan and Pranav Shyam and Girish Sastry and Amanda Askell and Sandhini Agarwal and Ariel Herbert-Voss and Gretchen Krueger and Tom Henighan and Rewon Child and Aditya Ramesh and Daniel M. Ziegler and Jeffrey Wu and Clemens Winter and Christopher Hesse and Mark Chen and Eric Sigler and Mateusz Litwin and Scott Gray and Benjamin Chess and Jack Clark and Christopher Berner and Sam McCandlish and Alec Radford and Ilya Sutskever and Dario Amodei},
	year         = 2020,
	eprint       = {2005.14165},
	archiveprefix = {arXiv},
	primaryclass = {cs.CL}
}
@inproceedings{gpt2Radford2019LanguageMAgpt,
	title        = {Language Models are Unsupervised Multitask Learners},
	author       = {Alec Radford and Jeff Wu and Rewon Child and David Luan and Dario Amodei and Ilya Sutskever},
	year         = 2019,
	url          = {https://api.semanticscholar.org/CorpusID:160025533}
}
@misc{infinity-ligatures-pict,
	title        = {Word Default No Ligatures},
	author       = {Blythwood},
	year         = 2014,
	url          = {https://en.wikipedia.org/wiki/File:Word_default_no_ligatures.tiff},
	urlseen      = {04-03-2024}
}
@misc{bep2013dollar,
	title        = {100 Dollar Note},
	author       = {Bureau{\ }Of{\ }Engraving{\ }and{\ }Printing},
	year         = 2013,
	url          = {https://www.bep.gov/currency/circulating-currency/100-note},
	urlseen      = {16-03-2024}
}
@misc{openAIclassifier,
	title        = {New AI classifier for indicating AI-written text},
	author       = {OpenAI},
	year         = 2023,
	note         = {Accessed: 04-03-2024},
	howpublished = {\url{https://openai.com/blog/new-ai-classifier-for-indicating-ai-written-text}}
}
@article{DBLP:journals/corr/abs-1810-04805,
	title        = {{BERT:} Pre-training of Deep Bidirectional Transformers for Language Understanding},
	author       = {Jacob Devlin and Ming{-}Wei Chang and Kenton Lee and Kristina Toutanova},
	year         = 2018,
	journal      = {CoRR},
	volume       = {abs/1810.04805},
	url          = {http://arxiv.org/abs/1810.04805},
	archiveprefix = {arXiv},
	eprint       = {1810.04805},
	timestamp    = {Tue, 30 Oct 2018 20:39:56 +0100},
	biburl       = {https://dblp.org/rec/journals/corr/abs-1810-04805.bib},
	bibsource    = {dblp computer science bibliography, https://dblp.org}
}
@misc{he2024watermarks,
	title        = {Can Watermarks Survive Translation? On the Cross-lingual Consistency of Text Watermark for Large Language Models},
	author       = {Zhiwei He and Binglin Zhou and Hongkun Hao and Aiwei Liu and Xing Wang and Zhaopeng Tu and Zhuosheng Zhang and Rui Wang},
	year         = 2024,
	eprint       = {2402.14007},
	archiveprefix = {arXiv},
	primaryclass = {cs.CL}
}
@inproceedings{TiedemannThottingal:EAMT2020,
	title        = {{OPUS-MT} — {B}uilding open translation services for the {W}orld},
	author       = {J{\"o}rg Tiedemann and Santhosh Thottingal},
	year         = 2020,
	booktitle    = {Proceedings of the 22nd Annual Conferenec of the European Association for Machine Translation (EAMT)},
	address      = {Lisbon, Portugal}
}
@inproceedings{akbik2018coling,
	title        = {Contextual String Embeddings for Sequence Labeling},
	author       = {Akbik, Alan and Blythe, Duncan and Vollgraf, Roland},
	year         = 2018,
	booktitle    = {{COLING} 2018, 27th International Conference on Computational Linguistics},
	pages        = {1638--1649}
}
@misc{liu2024adaptive,
	title        = {Adaptive Text Watermark for Large Language Models},
	author       = {Yepeng Liu and Yuheng Bu},
	year         = 2024,
	eprint       = {2401.13927},
	archiveprefix = {arXiv},
	primaryclass = {cs.CL}
}
@misc{pang2024attacking,
	title        = {Attacking LLM Watermarks by Exploiting Their Strengths},
	author       = {Qi Pang and Shengyuan Hu and Wenting Zheng and Virginia Smith},
	year         = 2024,
	eprint       = {2402.16187},
	archiveprefix = {arXiv},
	primaryclass = {cs.CR}
}
@inproceedings{wolf-etal-2020-transformers,
	title        = {Transformers: State-of-the-Art Natural Language Processing},
	author       = {Thomas Wolf and Lysandre Debut and Victor Sanh and Julien Chaumond and Clement Delangue and Anthony Moi and Pierric Cistac and Tim Rault and Rémi Louf and Morgan Funtowicz and Joe Davison and Sam Shleifer and Patrick von Platen and Clara Ma and Yacine Jernite and Julien Plu and Canwen Xu and Teven Le Scao and Sylvain Gugger and Mariama Drame and Quentin Lhoest and Alexander M. Rush},
	year         = 2020,
	month        = oct,
	booktitle    = {Proceedings of the 2020 Conference on Empirical Methods in Natural Language Processing: System Demonstrations},
	publisher    = {Association for Computational Linguistics},
	address      = {Online},
	pages        = {38--45},
	url          = {https://www.aclweb.org/anthology/2020.emnlp-demos.6}
}
@misc{hou2024ksemstamp,
	title        = {k-SemStamp: A Clustering-Based Semantic Watermark for Detection of Machine-Generated Text},
	author       = {Abe Bohan Hou and Jingyu Zhang and Yichen Wang and Daniel Khashabi and Tianxing He},
	year         = 2024,
	eprint       = {2402.11399},
	archiveprefix = {arXiv},
	primaryclass = {cs.CL}
}
@inproceedings{chatgpt_paraphraser,
	title        = {A paraphrasing model based on ChatGPT paraphrases},
	author       = {Vladimir Vorobev, Maxim Kuznetsov},
	year         = 2023
}
@book{bird2009natural,
	title        = {Natural language processing with Python: analyzing text with the natural language toolkit},
	author       = {Bird, Steven and Klein, Ewan and Loper, Edward},
	year         = 2009,
	publisher    = {" O'Reilly Media, Inc."}
}
@book{wordnet1998fellbaum,
	title        = {WordNet: An Electronic Lexical Database},
	author       = {Christiane Fellbaum},
	year         = 1998,
	publisher    = {Bradford Books},
	url          = {https://mitpress.mit.edu/9780262561167/}
}
@misc{giboulot2024watermax,
	title        = {WaterMax: breaking the LLM watermark detectability-robustness-quality trade-off},
	author       = {Eva Giboulot and Furon Teddy},
	year         = 2024,
	eprint       = {2403.04808},
	archiveprefix = {arXiv},
	primaryclass = {cs.CR}
}
@misc{whitehouse2023ai,
	title        = {{Biden-Harris} Administration secures voluntary commitments from leading artificial intelligence companies to manage the risks posed by {AI}},
	author       = {{The White House}},
	year         = 2023,
	month        = jul,
	note         = {Accessed: 2024-3-16},
	abstract     = {Voluntary commitments -- underscoring safety, security, and trust -- mark a critical step toward developing responsible AI Biden-Harris Administration will continue to take decisive action by developing an Executive Order and pursuing bipartisan legislation to keep Americans safe Since taking office, President Biden, Vice President Harris, and the entire Biden-Harris Administration have moved with urgency…},
	howpublished = {\url{https://www.whitehouse.gov/briefing-room/statements-releases/2023/07/21/fact-sheet-biden-harris-administration-secures-voluntary-commitments-from-leading-artificial-intelligence-companies-to-manage-the-risks-posed-by-ai/}},
	language     = {en}
}
@misc{liu2024semantic,
	title        = {A Semantic Invariant Robust Watermark for Large Language Models},
	author       = {Aiwei Liu and Leyi Pan and Xuming Hu and Shiao Meng and Lijie Wen},
	year         = 2024,
	eprint       = {2310.06356},
	archiveprefix = {arXiv},
	primaryclass = {cs.CR}
}
@misc{kuditipudi2023robust,
	title        = {Robust Distortion-free Watermarks for Language Models},
	author       = {Rohith Kuditipudi and John Thickstun and Tatsunori Hashimoto and Percy Liang},
	year         = 2023,
	eprint       = {2307.15593},
	archiveprefix = {arXiv},
	primaryclass = {cs.LG}
}
@misc{mitchell2023detectgpt,
	title        = {DetectGPT: Zero-Shot Machine-Generated Text Detection using Probability Curvature},
	author       = {Eric Mitchell and Yoonho Lee and Alexander Khazatsky and Christopher D. Manning and Chelsea Finn},
	year         = 2023,
	eprint       = {2301.11305},
	archiveprefix = {arXiv},
	primaryclass = {cs.CL}
}
@misc{grinbaum2022ethical,
	title        = {The Ethical Need for Watermarks in Machine-Generated Language},
	author       = {Alexei Grinbaum and Laurynas Adomaitis},
	year         = 2022,
	eprint       = {2209.03118},
	archiveprefix = {arXiv},
	primaryclass = {cs.CL}
}
@misc{life2024pauseai,
	title        = {Pause giant AI experiments: An open letter},
	author       = {Future{\ }Of{\ }Life{\ }Institute},
	year         = 2024,
	month        = {Feb},
	journal      = {Future of Life Institute},
	url          = {https://futureoflife.org/open-letter/pause-giant-ai-experiments/}
}
@misc{leffer2024anxiety,
	title        = {“ai anxiety” is on the rise--here’s how to manage it},
	author       = {Leffer, Lauren},
	year         = 2024,
	month        = {Feb},
	journal      = {Scientific American},
	url          = {https://www.scientificamerican.com/article/ai-anxiety-is-on-the-rise-heres-how-to-manage-it/}
}
@misc{raffel2023exploring,
	title        = {Exploring the Limits of Transfer Learning with a Unified Text-to-Text Transformer},
	author       = {Colin Raffel and Noam Shazeer and Adam Roberts and Katherine Lee and Sharan Narang and Michael Matena and Yanqi Zhou and Wei Li and Peter J. Liu},
	year         = 2023,
	eprint       = {1910.10683},
	archiveprefix = {arXiv},
	primaryclass = {cs.LG}
}
